<record><leader>00000cas a22000007a 4500</leader><controlfield tag="001">30407135</controlfield><controlfield tag="008">940509d18681870nyuwr ne      0    0eng d</controlfield><datafield ind1=" " ind2=" " tag="010"><subfield code="a">sn 94057765 </subfield></datafield><datafield ind1=" " ind2=" " tag="040"><subfield code="a">NYS</subfield><subfield code="b">eng</subfield><subfield code="c">NYS</subfield><subfield code="d">OCLCF</subfield><subfield code="d">OCLCO</subfield></datafield><datafield ind1=" " ind2=" " tag="042"><subfield code="a">msc</subfield></datafield><datafield ind1="0" ind2="0" tag="245"><subfield code="a">New York weekly reformer and northern New York journal.</subfield></datafield><datafield ind1=" " ind2=" " tag="260"><subfield code="a">Watertown, Jefferson County, N.Y. :</subfield><subfield code="b">Ingalls &amp; Bigelow,</subfield><subfield code="c">1868-1870.</subfield></datafield><datafield ind1=" " ind2=" " tag="300"><subfield code="a">3 v.</subfield></datafield><datafield ind1=" " ind2=" " tag="310"><subfield code="a">Weekly</subfield></datafield><datafield ind1="0" ind2=" " tag="362"><subfield code="a">Vol. 18, no. 39 (May 21, 1868)-v. 20, no. 52 (Aug. 18, 1870).</subfield></datafield><datafield ind1=" " ind2=" " tag="580"><subfield code="a">Daily eds.: New-York daily reformer (Watertown, N.Y. : 1862), 1868-1869; Watertown daily times (Watertown, N.Y. : 1870), 1870.</subfield></datafield><datafield ind1=" " ind2="0" tag="651"><subfield code="a">Watertown (N.Y.)</subfield><subfield code="v">Newspapers.</subfield></datafield><datafield ind1=" " ind2="0" tag="651"><subfield code="a">Jefferson County (N.Y.)</subfield><subfield code="v">Newspapers.</subfield></datafield><datafield ind1=" " ind2="7" tag="655"><subfield code="a">Newspapers.</subfield><subfield code="2">fast</subfield><subfield code="0">(OCoLC)fst01423814</subfield></datafield><datafield ind1=" " ind2="7" tag="651"><subfield code="a">New York (State)</subfield><subfield code="z">Jefferson County.</subfield><subfield code="2">fast</subfield><subfield code="0">(OCoLC)fst01209430</subfield></datafield><datafield ind1=" " ind2="7" tag="651"><subfield code="a">New York (State)</subfield><subfield code="z">Watertown.</subfield><subfield code="2">fast</subfield><subfield code="0">(OCoLC)fst01221269</subfield></datafield><datafield ind1=" " ind2=" " tag="752"><subfield code="a">United States</subfield><subfield code="b">New York</subfield><subfield code="c">Jefferson</subfield><subfield code="d">Watertown.</subfield></datafield><datafield ind1="1" ind2=" " tag="775"><subfield code="t">New-York daily reformer (Watertown, N.Y. : 1862)</subfield><subfield code="w">(DLC)sn 84035898</subfield><subfield code="w">(OCoLC)11485713</subfield></datafield><datafield ind1="1" ind2=" " tag="775"><subfield code="t">Watertown daily times (Watertown, N.Y. : 1870)</subfield><subfield code="w">(DLC)sn 84035539</subfield><subfield code="w">(OCoLC)11531499</subfield></datafield><datafield ind1="0" ind2="4" tag="780"><subfield code="t">New York weekly reformer (Watertown, N.Y. : 1867)</subfield><subfield code="w">(DLC)sn 94057764</subfield><subfield code="w">(OCoLC)</subfield></datafield><datafield ind1="0" ind2="4" tag="780"><subfield code="t">Northern New York journal (Watertown, N.Y. : 1868)</subfield><subfield code="w">(DLC)sn 94057738</subfield><subfield code="w">(OCoLC)29985501</subfield></datafield><datafield ind1="0" ind2="0" tag="785"><subfield code="t">New York weekly reformer (Watertown, N.Y. : 1870)</subfield><subfield code="w">(DLC)sn 94057766</subfield><subfield code="w">(OCoLC)30407463</subfield></datafield></record>